@article{jean50group,
  title={The Group-Theoretic Approach in Mixed Integer Programming},
  author={Jean-Philippe, P Richard and Dey, Santanu S},
  journal={50 Years of Integer Programming 1958--2008},
  pages={727}
}

@article{gomory1969some,
	title={Some polyhedra related to combinatorial problems},
	author={Gomory, Ralph E},
	journal={Linear algebra and its applications},
	volume={2},
	number={4},
	pages={451--558},
	year={1969},
	publisher={Elsevier}
}

@article{conforti2011corner,
	title={Corner polyhedron and intersection cuts},
	author={Conforti, Michele and Cornu{\'e}jols, G{\'e}rard and Zambelli, Giacomo},
	journal={Surveys in Operations Research and Management Science},
	volume={16},
	number={2},
	pages={105--120},
	year={2011},
	publisher={Elsevier}
}

@article{bell1975improved,
	title={Improved integer programming bounds using intersections of corner polyhedra},
	author={Bell, David E and Fisher, Marshall L},
	journal={Mathematical Programming},
	volume={8},
	number={1},
	pages={345--368},
	year={1975},
	publisher={Springer}
}

@manual{sagemath,
	Key          = {SageMath},
	Author       = {{The Sage Developers}},
	Title        = {{S}ageMath, the {S}age {M}athematics {S}oftware {S}ystem ({V}ersion 8.1)},
	note         = {{\tt http://www.sagemath.org}},
	Year         = {2017},
}

@article{bagnara2008parma,
	title={The Parma Polyhedra Library: Toward a complete set of numerical abstractions for the analysis and verification of hardware and software systems},
	author={Bagnara, Roberto and Hill, Patricia M and Zaffanella, Enea},
	journal={Science of Computer Programming},
	volume={72},
	number={1-2},
	pages={3--21},
	year={2008},
	publisher={Elsevier}
}

@article{gomory1972some,
	title={Some continuous functions related to corner polyhedra},
	author={Gomory, Ralph E and Johnson, Ellis L},
	journal={Mathematical Programming},
	volume={3},
	number={1},
	pages={23--85},
	year={1972},
	publisher={Springer}
}

@article{gomory2003corner,
	title={Corner polyhedra and their connection with cutting planes},
	author={Gomory, Ralph E and Johnson, Ellis L and Evans, Lisa},
	journal={Mathematical Programming},
	volume={96},
	number={2},
	pages={321--339},
	year={2003},
	publisher={Springer}
}

@misc{gurobi,
	author = "Gurobi Optimization, Inc.",
	title = "Gurobi Optimizer Reference Manual",
	year = 2016,
	url = "http://www.gurobi.com"
}

@article{hart2011pyomo,
	title={Pyomo: modeling and solving mathematical programs in Python},
	author={Hart, William E and Watson, Jean-Paul and Woodruff, David L},
	journal={Mathematical Programming Computation},
	volume={3},
	number={3},
	pages={219--260},
	year={2011},
	publisher={Springer}
}